@inproceedings{Raft,
  author = {Diego Ongaro and John Ousterhout},
  title = {In Search of an Understandable Consensus Algorithm},
  booktitle = {2014 USENIX Annual Technical Conference (USENIX ATC 14)},
  year = {2014},
  langid = {english},
}
